@BOOK{Compilers,
author = {Альфред Ахо},
title={Компиляторы. Принципы, технологии, инструменты},
year = {2008},
}

@BOOK{Hunter,
author = {Робин Хантер},
title={Основные концепции компиляторов},
year = {2002},
}

@INCOLLECTION{opennet,
  title        = {Bison. Генератор синтаксических анализаторов, совместимый с YACC},
  url          = {http://www.opennet.ru/docs/RUS/bison_yacc/},
  urldate      = {01.11.2002},
}

@INCOLLECTION{make1,
  title = {Как устроен Makefile и что это такое},
  url          = {http://microsin.net/programming/avr/makefile.html},
  urldate      = {03.05.2009},
}

@INCOLLECTION{make2,
  title = {GNU Make. Программа управления компиляцией},
  url          = {http://linux.yaroslavl.ru/docs/prog/gnu_make_3-79_russian_manual.html},
  urldate      = {01.04.2000},
}

@BOOK{kernigan,
author = {Брайан Керниган and Деннис Ритчи},
title={Язык программирования Си},
year = {1978},
}
